@book{Rafael,
 author = {Gonzalez, Rafael C. and Woods, Richard E.},
 title = {Digital Image Processing (3rd Edition)},
 year = {2006},
 isbn = {013168728X},
 publisher = {Prentice-Hall, Inc.},
 address = {Upper Saddle River, NJ, USA},
} 

@article{Strom2005,
author = {Str\"{o}m, Jacob and Akenine-M\"{o}ller, Tomas},
file = {:G$\backslash$:/Dropbox/Thesis/articles/Str\"{o}m, Akenine-m\"{o}ller - 2005 - iPACKMAN High-Quality , Low-Complexity Texture Compression for Mobile Phones.pdf:pdf},
journal = {Proceedings of the ACM SIGGRAPH/EUROGRAPHICS conference on Graphics hardware},
title = {{iPACKMAN : High-Quality, Low-Complexity Texture Compression for Mobile Phones}},
year = {2005}
}

@article{MacAdam, 
author = {MacAdam, David L.}, 
journal = {J. Opt. Soc. Am.}, 
keywords = {},
number = {5}, 
pages = {247--273}, 
publisher = {OSA},
title = {{Visual Sensitivities to Color Differences in Daylight}}, 
volume = {32}, 
month = {May},
year = {1942},
url = {http://www.opticsinfobase.org/abstract.cfm?URI=josa-32-5-247},
doi = {10.1364/JOSA.32.000247}
}

@book{Sherrod2008,
  title={Game Graphics Programming},
  author={Sherrod, A.},
  isbn={9781584505167},
  lccn={2007935957},
  series={Course Technology PTR game development series},
  url={http://books.google.com/books?id=wb3hPAAACAAJ},
  year={2008},
  publisher={Course Technology/Charles River Media/Cengage Learning}
}

@article{Iourcha1999,
author = {Iourcha, Konstantine I. and Nayak, Krishna S. and Hong, Zhou},
file = {:G$\backslash$:/Dropbox/Thesis/articles/Unknown - Unknown - S3TC Patent.pdf.pdf:pdf},
journal = {US Patent 5,956,431},
title = {{System and method for fixed-rate block-based image compression with inferred pixel values}},
url = {http://www.google.com/patents?hl=en\&lr=\&vid=USPAT5956431\&id=QEEZAAAAEBAJ\&oi=fnd\&dq=System+and+method+for+fixed-rate+block-based+image+compression+with+inferred+pixel+values\&printsec=abstract},
year = {1999}
}

@inproceedings{Efros,
  title={Image quilting for texture synthesis and transfer},
  author={Efros, Alexei A and Freeman, William T},
  booktitle={Proceedings of the 28th annual conference on Computer graphics and interactive techniques},
  pages={341--346},
  year={2001},
  organization={ACM}
}

@article{Knuth,
  title={Digital Halftones By Dot Diffusion},
  author={Knuth, Donald E},
  journal={ACM Transactions on Graphics (TOG)},
  volume={6},
  number={4},
  pages={245--273},
  year={1987},
  publisher={ACM}
}

@article{Shannon,
  title={A Mathematical Theory of Communication},
  author={Shannon, Claude Elwood},
  journal={ACM SIGMOBILE Mobile Computing and Communications Review},
  volume={5},
  number={1},
  pages={3--55},
  year={2001},
  publisher={ACM}
}

@book{Salomon,
  title={Handbook of Data Compression},
  author={Salomon, David and Motta, Giovanni and Motta, Giovanni},
  year={2010},
  publisher={Springer}
}

@article{Ziv,
  title={Compression of individual sequences via variable-rate coding},
  author={Ziv, Jacob and Lempel, Abraham},
  journal={Information Theory, IEEE Transactions on},
  volume={24},
  number={5},
  pages={530--536},
  year={1978},
  publisher={IEEE}
}

@article{Tudor,
  title={MPEG-2 video compression},
  author={Tudor, PN},
  journal={Electronics \& communication engineering journal},
  volume={7},
  number={6},
  pages={257--264},
  year={1995},
  publisher={IET}
}
@book{Chui,
 author = {Chui, Charles K.},
 title = {An introduction to wavelets},
 year = {1992},
 isbn = {0-12-174584-8},
 publisher = {Academic Press Professional, Inc.},
 address = {San Diego, CA, USA},
} 

