@book{Chui,
 author = {Chui, Charles K.},
 title = {{An Introduction to Wavelets}},
 year = {1992},
 publisher = {Academic Press Professional, Inc.},
 address = {San Diego, CA},
 isbn = {0-12-174584-8}
}

@inproceedings{Efros,
   title={Image quilting for texture synthesis and transfer},
   author={Efros, Alexei A. and Freeman, William T.},
   booktitle={Proceedings of the 28th annual conference on Computer graphics and interactive techniques},
   pages={341--346},
   year={2001},
   publisher = {ACM},
   address = {New York, NY},
}

@patent{Iourcha1999,
   author = {Iourcha, Konstantine I. and Nayak, Krishna S. and Hong, Zhou},
   title = {{System and method for fixed-rate block-based image
             compression with inferred pixel values.
             US Patent 5,956,431, filed Oct. 2, 1997, and issued Sep. 21, 1999}}, 
   year={1999}
}

@article{Knuth,
   title={{Digital Halftones by Dot Diffusion}},
   author={Knuth, Donald E},
   journal={ACM Transactions on Graphics (TOG)},
   volume={6(4)},
   pages={245--273},
   year={1987},
   publisher={ACM}
}

@article{MacAdam, 
   author = {MacAdam, David L.}, 
   journal = {The Journal of the Optical Society of America}, 
   pages = {247--273}, 
   publisher = {OSA},
   title = {{Visual Sensitivities to Color Differences in Daylight}}, 
   volume = {32(5)}, 
   month = {May},
   year = {1942},
   doi = {10.1364/JOSA.32.000247}
}

@book{Rafael,
    author = {Gonzalez, Rafael C. and Woods, Richard E.},
    title = {Digital Image Processing (3rd Edition)},
    year = {2006},
    publisher = {Prentice-Hall, Inc.},
    address = {Upper Saddle River, NJ},
    isbn = {013168728X},
}

@article{Shannon,
   title={{A Mathematical Theory of Communication}},
   author={Shannon, Claude Elwood},
   journal={ACM SIGMOBILE Mobile Computing and Communications Review},
   volume={5(1)},
   pages={3--55},
   year={2001},
   publisher={ACM}
}

@book{Sherrod2008,
   title={Game Graphics Programming},
   author={Sherrod, Allen},
   year={2008},
   publisher={Course Technology},
   address={Boston, MA},
   isbn={9781584505167},
   lccn={2007935957},
}

@article{Strom2005,
   author = {Str\"{o}m, Jacob and Akenine-M\"{o}ller, Tomas},
   journal = {Proceedings of the ACM SIGGRAPH/EUROGRAPHICS conference on Graphics hardware},
   title = {{iPACKMAN: High-Quality, Low-Complexity Texture Compression for Mobile Phones}},
   year = {2005},
   pages={63--70}
}

@article{Tudor,
   title={{MPEG-2 Video Compression}},
   author={Tudor, PN},
   journal={{Electronics \& Communication Engineering Journal}},
   volume={7(6)},
   pages={257--264},
   year={1995},
   publisher={IET}
}

@article{Ziv,
   title={{Compression of Individual Sequences via Variable-Rate Coding}},
   author={Ziv, Jacob and Lempel, Abraham},
   journal={IEEE Transactions on Information Theory},
   volume={24(5)},
   pages={530--536},
   year={1978},
   publisher={IEEE}
}
